@misc{iso9001,
    author      = {ISO/TC176/SC2},
    title       = {ISO 9001},
    year        = {2016},
    institution = {International Organization for Standardization}
}

@misc{npr7123.1c,
    author      = {NASA Office of the Chief Engineer},
    title       = {NASA Online Directives Information System},
    URL         = {https://nodis3.gsfc.nasa.gov/displayDir.cfm?Internal_ID=N_PR_7123_001C_&page_name=AppendixD&search_term=NPR\%207123\%2E1C},
    year        = {2020},
    institution = {National Aeronautics and Space Administration}
}

@misc{ublox-gps1,
    key = {},
    note = {U-blox, "NEO-6 - Data Sheet," Accessed: Oct. 28, 2023. [Online]. Available: \url{https://content.u-blox.com/sites/default/files/products/documents/NEO-6_DataSheet_%28GPS.G6-HW-09005%29.pdf}}
}

@misc{cd-gps,
    key = {},
    note = {CD Technology, "CD-PA1616S Data Sheet," Accessed: Oct. 28, 2023. [Online]. Available: \url{https://cdn-shop.adafruit.com/product-files/746/CD+PA1616S+Datasheet.v03.pdf}}
}

@misc{ublox-gps2,
    key = {},
    note = {U-blox, "SAM-M8Q - Data Sheet," Accessed: Oct. 28, 2023. [Online]. Available: \url{https://cdn.sparkfun.com/assets/4/e/b/9/f/SAM-M8Q_DataSheet__UBX-16012619_.pdf?_gl=1*1s4pgj0*_ga*Nzc1Njg0OTkzLjE2OTMwMjI2Mzk.*_ga_T369JS7J9N*MTY5ODQ3MTQxMC4xMi4xLjE2OTg0NzE1NTkuNTIuMC4w}}
}